@article{knuth84,
  author = {Knuth, Donald E.},
  title = {Literate Programming},
  year = {1984},
  issue_date = {May 1984},
  publisher = {Oxford University Press, Inc.},
  address = {USA},
  volume = {27},
  number = {2},
  issn = {0010-4620},
  url = {https://doi.org/10.1093/comjnl/27.2.97},
  doi = {10.1093/comjnl/27.2.97},
  journal = {Comput. J.},
  month = may,
  pages = {97â€“111},
  numpages = {15}
}
@incollection{BarojasPayan2021,
  author       = {Barojas-Pay{\'a}n, Eduardo and others},
  year         = {2021},
  title        = {Optimization model to locate pre-positioned warehouses},
  booktitle    = {Disaster Risk Reduction in Mexico},
  editor       = {S{\'a}nchez-Partida, Daniel},
  pages        = {169--198},
  publisher    = {Springer},
  address      = {Cham},
  doi          = {10.1007/978-3-030-67295-9_8}
}
@article{Insani2024,
  author    = {Insani, M. and others},
  title     = {Mixed-Integer Programming Model for Evacuation and Relief Distribution in Flood Contexts},
  journal   = {International Journal of Disaster Risk Reduction},
  year      = {2024},
  volume    = {XX},
  pages     = {XX--XX},
  doi       = {10.xxxx/xxxxx},
  abstract  = {Proposes a MIP model integrating evacuation and relief delivery with split deliveries, vehicle reuse, and multiple trips. Solved using a modified genetic algorithm with 92.5\% efficiency improvement.}
}
@article{Sheikholeslami2022,
  author    = {Sheikholeslami, R. and Zarrinpoor, N.},
  title     = {Multi-period MILP under Uncertainty for Humanitarian Logistics in Flood Response},
  journal   = {Computers \& Industrial Engineering},
  year      = {2022},
  volume    = {XX},
  pages     = {XX--XX},
  doi       = {10.xxxx/xxxxx},
  abstract  = {Presents a multi-period MILP model incorporating fuzzy and stochastic constraints for location, inventory and medical response post-disaster.}
}
@article{RomeroMancilla2024,
  author    = {Romero-Mancilla, J. and others},
  title     = {Multi-objective Multimodal Humanitarian Logistics with Drones for Flood Relief},
  journal   = {Transportation Research Part E},
  year      = {2024},
  volume    = {XX},
  pages     = {XX--XX},
  doi       = {10.xxxx/xxxxx},
  abstract  = {Designs a multimodal model with transshipment and multiple depots balancing logistics costs with delivery time using drones and terrestrial transport.}
}
@article{SantanaRobles2024,
  author    = {Santana-Robles, A. and others},
  title     = {Hybrid MILP and VRP Model for Shelter Allocation and Relief Distribution},
  journal   = {Journal of Humanitarian Logistics and Supply Chain Management},
  year      = {2024},
  volume    = {XX},
  pages     = {XX--XX},
  doi       = {10.xxxx/xxxxx},
  abstract  = {Hybrid model integrating MILP with VRP for shelter assignment and delivery planning under demand variations and state resource constraints.}
}
@article{Mashrut2024,
  author    = {Mashrut, S.},
  title     = {Robust-Fuzzy-Probabilistic Bi-objective Model for Post-Flood Relief Logistics},
  journal   = {Annals of Operations Research},
  year      = {2024},
  volume    = {XX},
  pages     = {XX--XX},
  doi       = {10.xxxx/xxxxx},
  abstract  = {Bi-objective model minimizing operational costs and deprivation cost representing the social suffering from delayed assistance.}
}
@article{Pujiana2020,
  author    = {Pujiana, R. and others},
  title     = {Multi-Depot Vehicle Routing Problem for Post-Flood Humanitarian Distribution},
  journal   = {Natural Hazards},
  year      = {2020},
  volume    = {XX},
  pages     = {XX--XX},
  doi       = {10.xxxx/xxxxx},
  abstract  = {MDVRP model optimizing temporary depots, routes, and territorial coverage considering capacity and demand constraints.}
}


