@incollection{BarojasPayan2021,
  author    = {Barojas-Pay{\'a}n, E. and S{\'a}nchez-Partida, D. and others},
  title     = {Optimization model to locate pre-positioned warehouses},
  booktitle = {Disaster Risk Reduction in Mexico},
  editor    = {S{\'a}nchez-Partida, D.},
  year      = {2021},
  pages     = {169--198},
  publisher = {Springer},
  doi       = {10.1007/978-3-030-67295-9_8},
  url       = {https://doi.org/10.1007/978-3-030-67295-9_8}
}

@book{Taha2016,
  author    = {Taha, Hamdy A.},
  title     = {Operations Research: An Introduction},
  edition   = {10th},
  year      = {2016},
  publisher = {Pearson},
  isbn      = {978-0134444017}
}

@misc{INEGI2024,
  author       = {{INEGI}},
  title        = {Bases de datos y visor geoespacial},
  year         = {2024},
  url          = {https://www.inegi.org.mx/app/mapa/denue/},
  note         = {Consultado en octubre de 2025}
}

@misc{SEP2024,
  author       = {{Secretaría de Educación Pública (SEP)}},
  title        = {Principales Cifras del Sistema Educativo Nacional},
  year         = {2024},
  url          = {https://www.planeacion.sep.gob.mx/principalescifras/},
  note         = {Consultado en octubre de 2025}
}

@misc{ArcGIS2024,
  author       = {{Esri México}},
  title        = {Visor de infraestructura y riesgos de desastres},
  year         = {2024},
  url          = {https://atlsrgochis.maps.arcgis.com/apps/webappviewer/index.html?id=e0e724ad2bb8423894b0cebd1f27a7d5},
  note         = {Consultado en octubre de 2025}
}
